
@book{lieberman2001,
  author = {H. Lieberman},
  interhash = {fbf485bb7ca90f22f5b2234b8b9852ba},
  intrahash = {12471b11229065ba1a8494010d5e46ed},
  publisher = {Morgan Kaufmann},
  title = {{Your Wish Is My Command: Programming by Example}},
  year = 2001,
  timestamp = {2007-02-23T19:24:23.000+0100},
  keywords = {books erc goals},
  added-at = {2007-02-23T19:24:23.000+0100},
  biburl = {http://www.bibsonomy.org/bibtex/212471b11229065ba1a8494010d5e46ed/mstrohm}
}

@inproceedings{DBLP:conf/acl/BranavanCZB09,
  author    = {S. R. K. Branavan and
               Harr Chen and
               Luke S. Zettlemoyer and
               Regina Barzilay},
  title     = {Reinforcement Learning for Mapping Instructions to Actions},
  booktitle = {ACL/AFNLP},
  year      = {2009},
  pages     = {82-90},
  ee        = {http://www.aclweb.org/anthology/P09-1010},
  crossref  = {DBLP:conf/acl/2009},
  bibsource = {DBLP, http://dblp.uni-trier.de}
}
@proceedings{DBLP:conf/acl/2009,
  title     = {ACL 2009, Proceedings of the 47th Annual Meeting of the
               Association for Computational Linguistics and the 4th International
               Joint Conference on Natural Language Processing of the AFNLP,
               2-7 August 2009, Singapore},
  booktitle = {ACL/AFNLP},
  publisher = {The Association for Computer Linguistics},
  year      = {2009},
  isbn      = {978-1-932432-45-9, 978-1-932432-46-6},
  bibsource = {DBLP, http://dblp.uni-trier.de}
}

@techreport{Bocionek:1993:DLA:865219,
 author = {Bocionek, Siegfried and Sassin, Michael},
 title = {Dialog-Based Learning (DBL) for Adaptive Interface Agents and Programming-by-Demonstration Systems},
 year = {1993},
 source = {http://www.ncstrl.org:8900/ncstrl/servlet/search?formname=detail\&id=oai%3Ancstrlh%3Acmucs%3ACMU%2F%2FCS-93-175},
 publisher = {Carnegie Mellon University},
 address = {Pittsburgh, PA, USA},
} 

@inproceedings{Chen:2008:RED:1378773.1378794,
 author = {Chen, Jiun-Hung and Weld, Daniel S.},
 title = {Recovering from errors during programming by demonstration},
 booktitle = {Proceedings of the 13th international conference on Intelligent user interfaces},
 series = {IUI '08},
 year = {2008},
 isbn = {978-1-59593-987-6},
 location = {Gran Canaria, Spain},
 pages = {159--168},
 numpages = {10},
 url = {http://doi.acm.org/10.1145/1378773.1378794},
 doi = {http://doi.acm.org/10.1145/1378773.1378794},
 acmid = {1378794},
 publisher = {ACM},
 address = {New York, NY, USA},
} 

@inproceedings{SRIpbd,
  author = {Park, W.T.},
  title = {The {SRI} Robot Programming System ({RPS})},
  year = {1983},
  pages = {12--21},
  booktitle = {13th ISIR}
}

@misc{astrid,
Title = {Astrid Homepage},
howpublished = {\url{http://weloveastrid.com}} }
  
@misc{androidaccessibility,
  author = {Alan Viverette},
  howpublished = {Personal Communication},
  year = {2011}
}

@inproceedings{Yankelovich:1995:DSI:223904.223952,
 author = {Yankelovich, Nicole and Levow, Gina-Anne and Marx, Matt},
 title = {Designing SpeechActs: issues in speech user interfaces},
 booktitle = {Proceedings of the SIGCHI conference on Human factors in computing systems},
 series = {CHI '95},
 year = {1995},
 isbn = {0-201-84705-1},
 location = {Denver, Colorado, United States},
 pages = {369--376},
 numpages = {8},
 url = {http://dx.doi.org/10.1145/223904.223952},
 doi = {http://dx.doi.org/10.1145/223904.223952},
 acmid = {223952},
 publisher = {ACM Press/Addison-Wesley Publishing Co.},
 address = {New York, NY, USA},
} 

@inproceedings{Abbeel:2004:ALV:1015330.1015430,
 author = {Abbeel, Pieter and Ng, Andrew Y.},
 title = {Apprenticeship learning via inverse reinforcement learning},
 booktitle = {Proceedings of the twenty-first international conference on Machine learning},
 series = {ICML '04},
 year = {2004},
 isbn = {1-58113-838-5},
 location = {Banff, Alberta, Canada},
 pages = {1--},
 url = {http://doi.acm.org/10.1145/1015330.1015430},
 doi = {http://doi.acm.org/10.1145/1015330.1015430},
 acmid = {1015430},
 publisher = {ACM},
 address = {New York, NY, USA},
} 

@techreport{grossman,
  author = {Grossman, D.D.},
  title = {Programming a Computer Controlled Manipulator by Guiding Through the Motions},
  publisher = {IBM T.J. Watson Research Centre},
  year = {1977}
}
  
@INPROCEEDINGS{McCarthy68programswith,
    author = {John McCarthy},
    title = {Programs with Common Sense},
    booktitle = {Semantic Information Processing},
    year = {1968},
    pages = {403--418},
    publisher = {MIT Press}
}
@article{DBLP:journals/csl/YoungGKMSTY10,
  author    = {Steve Young and
               Milica Gasic and
               Simon Keizer and
               Fran\c{c}ois Mairesse and
               Jost Schatzmann and
               Blaise Thomson and
               Kai Yu},
  title     = {The Hidden Information State model: A practical framework
               for POMDP-based spoken dialogue management},
  journal   = {Computer Speech {\&} Language},
  volume    = {24},
  number    = {2},
  year      = {2010},
  pages     = {150-174},
  ee        = {http://dx.doi.org/10.1016/j.csl.2009.04.001},
  bibsource = {DBLP, http://dblp.uni-trier.de}
}

